    @ARTICLE{article:AdobeXD,
      author =       "Frederic Lardinois",
      title =        "Adobe launches Experience Design CC, a new tool for UX designers",
      journal =      "Techcrunch.com",
      year =         "2016",
      month =        mar,
    }
    
    @ARTICLE{article:BeginnersGuideToReact,
      author =       "Abhishek Singh",
      title =        "Beginners Guide to ReactJS",
      journal =      "Medium.com",
      year =         "2019",
      month =        may,
    }
    
    @BOOK{book:MaterialDesign,
      author =       "Kyle Mew",
      title =        "Learning Material Design",
      edition =      "1",
      address =      "Birmingham",
      publisher =    "Packt Publishing",
      isbn =         "9781785289811",
      year =         "2015",
      month =        dec,
      pages =        "186"
    }
    
    @BOOK{book:LearningReact,
      author =       "Alex Banks and Eve Porcello",
      title =        "Learning React: Functional Web Development with React and Redux",
      edition =      "1",
      address =      "Sebastopol",
      publisher =    "O'Reilly Media",
      isbn =         "9781491954621",
      year =         "2017",
      month =        may,
      pages =        "350"
    }
    
    @WEBSITE{website:GuideToNpm,
      author =       "Michael Wanyoike and Peter Dierx",
      title =        "A Beginner’s Guide to npm, the Node Package Manager",
      howpublished = "online",
      year =         "2020",
      revised =      "Aktualizováno 9. 3. 2020",
      cited =        "!2020-04-01",
      url =          "https://www.sitepoint.com/beginners-guide-node-package-manager",
    }
    
    @WEBSITE{website:WhatDoesCreate-React-AppActuallyDo,
      author =       "Andrew Mc",
      title =        "What Does Create-React-App Actually Do?",
      howpublished = "online",
      year =         "2019",
      revised =      "Aktualizováno 7. 3. 2019",
      cited =        "!2020-04-02",
      url =          "https://levelup.gitconnected.com/what-does-create-react-app-actually-do-73c899443d61",
    }
    
    @WEBSITE{website:EverythingReact,
      author =       "Danyal Imran",
      title =        "Everything React — All about React!",
      howpublished = "online",
      year =         "2019",
      revised =      "Aktualizováno 5. 2. 2019",
      cited =        "!2020-04-06",
      url =          "https://blog.usejournal.com/everything-react-all-about-react-6d7a8de4bb05",
    }
    
    @WEBSITE{website:ReactHistory,
      author =       "Chris Dawson",
      title =        "JavaScript’s History and How it Led To ReactJS",
      howpublished = "online",
      year =         "2014",
      revised =      "Aktualizováno 25. 7. 2014",
      cited =        "!2020-04-02",
      url =          "https://thenewstack.io/javascripts-history-and-how-it-led-to-reactjs",
    }
    
    @WEBSITE{website:ServiceWorkers,
      author =       "Matt Gaunt",
      title =        "Service Workers: an Introduction",
      howpublished = "online",
      year =         "2019",
      revised =      "Aktualizováno 9. 8. 2019",
      cited =        "!2020-04-06",
      url =          "https://developers.google.com/web/fundamentals/primers/service-workers",
    }
    
    @WEBSITE{website:WebWorkers,
      author =       "Jason Miller",
      title =        "Threading the web with module workers",
      howpublished = "online",
      year =         "2019",
      revised =      "Aktualizováno 17. 12. 2019",
      cited =        "!2020-04-15",
      url =          "https://web.dev/module-workers",
    }
    
    @WEBSITE{website:Selenium,
      author =       "Chinmayee Deshpande",
      title =        "What is Selenium?",
      howpublished = "online",
      year =         "2020",
      revised =      "Aktualizováno 27. 2. 2020",
      cited =        "!2020-04-20",
      url =          "https://www.simplilearn.com/what-is-selenium-article",
    }
    
    @WEBSITE{website:BDD,
      author =       "Amir Ghahrai",
      title =        "BDD Guidelines and Best Practices",
      howpublished = "online",
      year =         "2016",
      revised =      "Aktualizováno 9. 11. 2016",
      cited =        "!2020-04-20",
      url =          "https://devqa.io/agile/bdd-guidelines-best-practices",
    }
    
    @WEBSITE{website:ghpages,
      author =       "GitHub",
      title =        "About GitHub Pages",
      howpublished = "online",
      cited =        "!2020-04-26",
      url =          "https://help.github.com/en/github/working-with-github-pages/about-github-pages",
    }
    
    @WEBSITE{website:createReactApp,
      author =       "Facebook",
      title =        "Create a New React App",
      howpublished = "online",
      cited =        "!2020-04-02",
      url =          "https://reactjs.org/docs/create-a-new-react-app.html",
    }
    
    @WEBSITE{website:AngularVsReactVsVue,
      author =       "Shams Sumon",
      title =        "Angular vs. React vs. Vue Detailed Comparison Guide - Which One to Choose in 2020",
      howpublished = "online",
      year =         "2020",
      revised =      "Aktualizováno 8. 4. 2020",
      cited =        "!2020-04-12",
      url =          "https://www.themexpert.com/blog/angular-vs-react-vs-vue",
    }
